# put project-specific bibliographic entries here